@article{doe2023predictive,
    author = {John Doe and Jane Smith},
    title = {Predictive Modeling in Automotive Industry: Applications and Insights},
    journal = {Journal of Machine Learning Applications},
    year = {2023},
    volume = {15},
    number = {3},
    pages = {45--62},
}
